
    @article{Jose,
    title={Sample Title},
    author={Sample Author},
    journal={Sample Journal},
    year={2023},
    }
    @misc{Garay,
      author = {},
      howpublished = {},
      title = {Notas de mecánica Teórica},
      year = {2011}
      url = {},
    }