
@inbook{maggiore2005modern,
  title     = {A Modern Introduction to Quantum Field Theory},
  author    = {Maggiore, Michele},
  year      = {2005},
  publisher = {Oxford University Press},
  chapter   = {Tema 2}
}

@misc{Dobdado,
  author = {Antonio Dobado},
  title  = {Notas tomadas de la pizarra durante la clase},
  year   = {2024},
  note   = {Clase de campos cuánticos, Universidad Complutense de Madrid}
}
@misc{Maroto,
  author = {Antonio L. Maroto e Ignazio Scimemi},
  title  = {Apuntes de años anteriores},
  year   = {2024},
  note   = {Clase de campos cuánticos, Universidad Complutense de Madrid}
}

@book{peskin_schroeder_1995,
  title     = {An Introduction to Quantum Field Theory},
  author    = {Peskin, Michael E. and Schroeder, Daniel V.},
  year      = {1995},
  publisher = {Westview Press},
  address   = {Boulder, CO},
  isbn      = {978-0201503975}
}
