
    @article{sample,
    title={Sample Title},
    author={Sample Author},
    journal={Sample Journal},
    year={2023},
    }
